<record><leader>00000cas a22000001a 4500</leader><controlfield tag="001">2264844</controlfield><controlfield tag="008">760620d1804180uctuwr ne      0    0eng  </controlfield><datafield ind1=" " ind2=" " tag="010"><subfield code="a">sn 82016377 </subfield></datafield><datafield ind1=" " ind2=" " tag="040"><subfield code="a">DLC</subfield><subfield code="b">eng</subfield><subfield code="c">PIT</subfield><subfield code="d">DLC</subfield><subfield code="d">NPX</subfield><subfield code="d">NPU</subfield><subfield code="d">DLC</subfield><subfield code="d">NPH</subfield><subfield code="d">YOX</subfield><subfield code="d">CNW</subfield><subfield code="d">OCL</subfield><subfield code="d">OCLCG</subfield><subfield code="d">BUF</subfield><subfield code="d">KRTAS</subfield><subfield code="d">ZYU</subfield><subfield code="d">DLC</subfield><subfield code="d">OCLCF</subfield><subfield code="d">OCLCA</subfield></datafield><datafield ind1="1" ind2=" " tag="029"><subfield code="a">AU@</subfield><subfield code="b">000025838564</subfield></datafield><datafield ind1=" " ind2=" " tag="042"><subfield code="a">pcc</subfield></datafield><datafield ind1=" " ind2=" " tag="043"><subfield code="a">n-us-ct</subfield></datafield><datafield ind1="0" ind2="0" tag="050"><subfield code="a">Newspaper</subfield></datafield><datafield ind1="1" ind2="4" tag="050"><subfield code="a">AN131</subfield><subfield code="b">.C63</subfield></datafield><datafield ind1="0" ind2="0" tag="245"><subfield code="a">New=England Republican.</subfield></datafield><datafield ind1="0" ind2="0" tag="246"><subfield code="a">New England Republican</subfield></datafield><datafield ind1="1" ind2="3" tag="246"><subfield code="a">New-England Republican</subfield></datafield><datafield ind1=" " ind2=" " tag="260"><subfield code="a">Danbury, Conn. :</subfield><subfield code="b">Printed by Gray &amp; Steele,</subfield><subfield code="c">1804-</subfield></datafield><datafield ind1=" " ind2=" " tag="300"><subfield code="a">v. ;</subfield><subfield code="c">49-68 cm.</subfield></datafield><datafield ind1=" " ind2=" " tag="310"><subfield code="a">Weekly</subfield></datafield><datafield ind1="0" ind2=" " tag="362"><subfield code="a">Vol. 1, no. 1 (July 18, 1804)-</subfield></datafield><datafield ind1="1" ind2=" " tag="362"><subfield code="a">Ceased in 1809.</subfield></datafield><datafield ind1=" " ind2=" " tag="500"><subfield code="a">Publisher: John C. Gray, &lt;1805&gt;-1809.</subfield></datafield><datafield ind1=" " ind2=" " tag="500"><subfield code="a">Printer: John C. Gray, 1805-&lt;1806&gt;.</subfield></datafield><datafield ind1=" " ind2=" " tag="515"><subfield code="a">Issues for Aug. 7, 1805-&lt;July 15, 1807&gt; also called: Whole no. 56-&lt;154&gt;.</subfield></datafield><datafield ind1=" " ind2=" " tag="530"><subfield code="a">Available on microfilm from Readex Microprint Corp.</subfield></datafield><datafield ind1=" " ind2="0" tag="651"><subfield code="a">Danbury (Conn.)</subfield><subfield code="v">Newspapers.</subfield></datafield><datafield ind1=" " ind2="7" tag="655"><subfield code="a">Newspapers.</subfield><subfield code="2">fast</subfield><subfield code="0">(OCoLC)fst01423814</subfield></datafield><datafield ind1=" " ind2="7" tag="651"><subfield code="a">Connecticut</subfield><subfield code="z">Danbury.</subfield><subfield code="2">fast</subfield><subfield code="0">(OCoLC)fst01208883</subfield></datafield><datafield ind1="1" ind2=" " tag="700"><subfield code="a">Gray, John C.,</subfield><subfield code="d">1778?-1825.</subfield></datafield><datafield ind1="1" ind2=" " tag="700"><subfield code="a">Steele, Oliver,</subfield><subfield code="d">1781-1826.</subfield></datafield><datafield ind1=" " ind2=" " tag="752"><subfield code="a">United States</subfield><subfield code="b">Connecticut</subfield><subfield code="c">Fairfield</subfield><subfield code="d">Danbury.</subfield></datafield><datafield ind1="0" ind2="8" tag="776"><subfield code="i">Microfilm version:</subfield><subfield code="t">New=England Republican</subfield><subfield code="w">(DLC)  2011249031</subfield><subfield code="w">(OCoLC)192102510</subfield></datafield><datafield ind1="0" ind2="0" tag="785"><subfield code="t">Connecticut intelligencer</subfield><subfield code="w">(DLC)sn 84022469</subfield><subfield code="w">(OCoLC)10419464</subfield></datafield><datafield ind1=" " ind2=" " tag="938"><subfield code="a">Kirtas Technologies, Inc.</subfield><subfield code="b">KRTS</subfield><subfield code="n">735654</subfield></datafield></record>